@article{maurer_2009,
	title = {Unifying {Zero}-{Knowledge} {Proofs} of {Knowledge}},
	url = {http://link.springer.com/10.1007/978-3-642-02384-2_17},
	journal = {Progress in {Cryptology} - {AFRICACRYPT} 2009},
	author = {Maurer, Ueli},
	year = {2009},
	doi = {10.1007/978-3-642-02384-2_17},
}

@article{davidson_privacy_2018,
	title = {Privacy {Pass}: {Bypassing} {Internet} {Challenges} {Anonymously}},
	volume = {2018},
	shorttitle = {Privacy {Pass}},
	url = {https://www.sciendo.com/article/10.1515/popets-2018-0026},
	doi = {10.1515/popets-2018-0026},
	urldate = {2022-03-19},
	journal = {Proceedings on Privacy Enhancing Technologies},
	author = {Davidson, Alex and Goldberg, Ian and Sullivan, Nick and Tankersley, George and Valsorda, Filippo},
	year = {2018},
}
